<record xmlns:xsi="http://www.w3.org/2001/XMLSchema-instance" xmlns="http://www.loc.gov/MARC21/slim" xsi:schemaLocation="http://www.loc.gov/MARC21/slim http://www.loc.gov/standards/marcxml/schema/MARC21slim.xsd">

  <leader>01852nab a2200169   4500</leader>
  <controlfield tag="005">20170826062609.0</controlfield>
  <controlfield tag="008">150806b2002    cr f|||| |||| 00| 0 spa d</controlfield>
  <datafield tag="090" ind1=" " ind2=" ">
    <subfield code="a">REVIS 06.02.01</subfield>
  </datafield>
  <datafield tag="100" ind1="1" ind2=" ">
    <subfield code="9">744</subfield>
    <subfield code="a">Solano Zúñiga, Iván</subfield>
  </datafield>
  <datafield ind2="3" tag="245" ind1="1">
    <subfield code="a">El reto educativo universitario /</subfield>
    <subfield code="c">Iván Solano Zúñiga</subfield>
  </datafield>
  <datafield tag="260" ind1=" " ind2=" ">
    <subfield code="a">San José, Costa Rica :</subfield>
    <subfield code="b">Editorial Universidad de Costa Rica,</subfield>
    <subfield code="c">2002</subfield>
  </datafield>
  <datafield ind1=" " tag="300" ind2=" ">
    <subfield code="a">páginas 201-206</subfield>
  </datafield>
  <datafield ind1=" " tag="520" ind2=" ">
    <subfield code="a">Los estudiantes estamos en la universidad para especializarnos y aprender a ser personas. 
Este camino para ser personas perdura toda la vida, buscando una perfección que no podemos alcanzar, pero buscada con el afán de ser mejores cada día. Para esto, debemos comprometernos con nosotros mismos y con los demás; en este compromiso el educador está de nuestro lado.
Necesitamos una serie de principios y valores que rijan nuestro diario acontecer; que conformen nuestra manera de ser.
En la universidad debemos enfrentar un tipo de educación diferente a la del colegio. Necesitamos hacernos dueños de la materia, y exprimir al profesor, el que debe con el ejemplo para que nos unamos a la causa de aprender. Debemos darnos cuenta de que no podemos alcanzar nuestro objetivo siendo estudiantes mediocres.
Se requiere que pongamos el todo de nosotros; aceptando habilidades y debilidades, buscando siempre llegar a ser la persona ideal.
En la educación hay que mirar cada momento con un ojo crítico. No debemos pensar en graduarnos y convertirnos en máquinas de trabajo; tratemos de ser personas; la educación y el empuje de la universidad nos dan la posibilidad de lograr algo que no todos alcanzan</subfield>
  </datafield>
  <datafield ind2="4" ind1="1" tag="650">
    <subfield code="9">1</subfield>
    <subfield code="a">EDUCACIÓN</subfield>
  </datafield>
  <datafield ind2=" " ind1="0" tag="773">
    <subfield code="d">San José, Costa Rica : Editorial de la Universidad de Costa Rica, 1997-</subfield>
    <subfield code="o">R0060</subfield>
    <subfield code="t">EDUCACIÓN: Revista de la Universidad de Costa Rica</subfield>
    <subfield code="g">Vol.26, no.1  (2002)</subfield>
  </datafield>
  <datafield ind1=" " tag="942" ind2=" ">
    <subfield code="2">z</subfield>
    <subfield code="c">10</subfield>
  </datafield>
  <datafield ind2=" " ind1=" " tag="999">
    <subfield code="c">2782</subfield>
    <subfield code="d">2782</subfield>
  </datafield>
</record>